<?xml version="1.0" encoding="UTF-8"?><record xmlns="http://www.loc.gov/MARC21/slim" xmlns:cinclude="http://apache.org/cocoon/include/1.0" xmlns:zs="http://www.loc.gov/zing/srw/">
  <leader>00497nz  a2200157n  4500</leader>
  <controlfield tag="001">no2008068462</controlfield>
  <controlfield tag="003">DLC</controlfield>
  <controlfield tag="005">20080509080239.0</controlfield>
  <controlfield tag="008">080507n| acannaabn          |n aaa      </controlfield>
  <datafield tag="010" ind1=" " ind2=" ">
    <subfield code="a">no2008068462</subfield>
  </datafield>
  <datafield tag="035" ind1=" " ind2=" ">
    <subfield code="a">(OCoLC)oca07763107</subfield>
  </datafield>
  <datafield tag="040" ind1=" " ind2=" ">
    <subfield code="a">SaPrNL</subfield>
    <subfield code="b">eng</subfield>
    <subfield code="c">SaPrNL</subfield>
  </datafield>
  <datafield tag="042" ind1=" " ind2=" ">
    <subfield code="a">sanb</subfield>
  </datafield>
  <datafield tag="100" ind1="1" ind2=" ">
    <subfield code="a">Bathman, Bill</subfield>
  </datafield>
  <datafield tag="670" ind1=" " ind2=" ">
    <subfield code="a">Character assassins, c2004:</subfield>
    <subfield code="b">t.p. (Bill Bathman) p. 298 (Rev. Bill Bathman is a missionary evangelist; moved to Cape Town, South Africa in 2001)</subfield>
  </datafield>
  <datafield tag="700" ind1="1" ind2="7">
    <subfield code="a">Bathman, Bill</subfield>
    <subfield code="2">sanb</subfield>
  </datafield>
</record>